@book{Reder2019,
author = {Wolfgang Reder},
title = {Ãœber das Liebesleben der Pflastersteine},
year = {2019},
}

@online{Microchip2019a,
author = {Microchip},
title = {ATtiny804 Product Page},
year = {2019},
url = {https://www.microchip.com/wwwproducts/en/ATtiny804},
OPTurldate = {2019-08-10},
}
